@article{vicente2010multiscalar,
title={A multiscalar drought index sensitive to global warming: the standardized precipitation evapotranspiration index},
author={Vicente-Serrano, Sergio M and Beguer{'\i}a, Santiago and L{'o}pez-Moreno, Juan I},
journal={Journal of Climate},
volume={23},
number={7},
pages={1696--1718},
year={2010}
}

@misc{seth2024core,
author       = {Seth, Aaditeshwar and {The CORE Stack Team}},
title        = {{The CORE Stack GEE Application}},
year         = {2024},
howpublished = {\url{https://ee-corestackdev.projects.earthengine.app/view/core-stack-gee-app}},
note         = {Methodology detailed in the CORE Stack Manual, ICTD Lab, IIT Delhi}
}

@misc{fao2015gaul,
author       = {{Food and Agriculture Organization of the United Nations}},
title        = {{Global Administrative Unit Layers (GAUL), level 1}},
year         = {2015},
howpublished = {\url{https://data.apps.fao.org/catalog/dataset/gaul}}
}

@misc{spei_csic,
author       = {{Spanish National Research Council (CSIC)}},
title        = {{SPEI Global Drought Monitor}},
year         = {2024},
howpublished = {\url{https://spei.csic.es/home.html}}
}

@misc{sandrp2015,
author       = {{South Asia Network on Dams, Rivers and People}},
title        = {{Drought 2015: Madhya Pradesh}},
year         = {2015},
howpublished = {\url{https://www.google.com/search?q=https://sandrp.in/2015/10/28/drought-2015-madhya-pradesh/}}
}

@misc{dpd2015,
author       = {{Directorate of Pulses Development}},
title        = {{Report on Deficit Rains in Madhya Pradesh}},
year         = {2015},
howpublished = {\url{https://dpd.gov.in/23.10.2015 Report -M.P.-deficit rains.pdf}}
}

@article{mishra2023spei,
author       = {Mishra, Vimal and Shah, Harsh L. and S, Sandeep Kumar},
title        = {{A high-resolution gridded SPEI dataset for India}},
journal      = {Scientific Data},
volume       = {11},
number       = {1},
pages        = {2},
year         = {2024},
publisher    = {Nature Publishing Group UK London},
doi          = {10.1038/s41597-023-02856-y},
url          = {https://doi.org/10.1038/s41597-023-02856-y}
}

@article{stagge2015candidate,
title={Candidate distributions for climatological drought indices (SPI and SPEI)},
author={Stagge, James H and Tallaksen, Lena M and Gudmundsson, Lukas and Van Loon, Anne F and Stahl, Kerstin},
journal={International Journal of Climatology},
volume={35},
number={13},
pages={4027--4040},
year={2015},
publisher={Wiley Online Library}
}
